<?xml version="1.0" encoding="UTF-8"?><collection xmlns="http://www.loc.gov/MARC21/slim"><record><leader>00417nam--2200133-i-4500</leader><controlfield tag="001">000046565</controlfield><controlfield tag="002">20161230</controlfield><controlfield tag="005">20161230201046</controlfield><controlfield tag="008">060222s1000------------r-----000-0-eng-d</controlfield><datafield ind1=" " ind2=" " tag="080"><subfield code="a">614.4(061.3)</subfield></datafield><datafield ind1=" " ind2=" " tag="245"><subfield code="a">Viral hepatitis b infectiion in the western pacific region:vaccine and control. september 10-11, 1983, hong kong</subfield></datafield><datafield ind1=" " ind2=" " tag="260"><subfield code="a">Singapore, World Scientific, 1984. Xvii + 283 P</subfield></datafield><datafield ind1=" " ind2=" " tag="700"><subfield code="a">S.K.Lam</subfield></datafield><datafield ind1=" " ind2=" " tag="852"><subfield code="a">79125</subfield></datafield></record></collection>